

@ARTICLE{float_std,
  author={},
  journal={IEEE Std 754-2008},
  title={IEEE Standard for Floating-Point Arithmetic},
  year={2008},
  volume={},
  number={},
  pages={1-70}
}

@misc{posit_std,
    author    = "Posit working group",
    title     = "Posit standard documentation",
    howpublished = "\url{https://posithub.org/docs/posit_standard.pdf}"
}

@misc{bfp,
  author = "John L. Gustafson, Isaac Yonemoto",
  title = " Beating Floating point at its Own Game: Posit Arithmetic",
  howpublished = "\url{http://www.johngustafson.net/pdfs/BeatingFloatingPoint.pdf}"
}


@misc{unum_wiki,
  author = {{Contributors to Wikimedia projects}},
  title = {{Unum (number format) - Wikipedia}},
  year = {2020},
  month = {Apr},
  note = {[Online; accessed 12. May 2020]},
  howpublised=  {\url{https://en.wikipedia.org/w/index.php?title=Unum_(number_format)&oldid=950382252}}
}

@article{errorbound_float,
  author = {Shah, Nimish and Olascoaga, Laura I. Galindez and Meert, Wannes and Verhelst, Marian},
  title = {{ProbLP: A framework for low-precision probabilistic inference}},
  journal = {Proceedings of the 56th Annual Design Automation Conference 2019},
  pages = {1--6},
  year = {2020},
  isbn = {978-145036725-7},
  publisher = {Association for Computing Machinery},
  doi = {10.1145/3316781.3317885}
}

@article{spns,
  author = {Poon, Hoifung and Domingos, Pedro},
  title = {{Sum-Product Networks: A New Deep Architecture}},
  journal = {arXiv},
  year = {2012},
  month = {Feb},
  eprint = {1202.3732},
  howpublished = {\url{https://arxiv.org/abs/1202.3732}}
}

@misc{other_fpga,
  author = {Rohit Chaurasiya, John Gustafson, Rahul Shrestha, Jonathan Neudorfer, Sangeeth Nambiar, Kaustav Niyogi, Farhad Merchant, Rainer Leupers},
  title = {Parameterized Posit Arithmetic Hardware Generator}
}


@misc{dataset,
  author = {Ucla-Starai},
  title = {{Density-Estimation-Datasets}},
  journal = {GitHub},
  year = {2019},
  month = {Dec},
  note = {[Online; accessed 27. May 2020]},
  url = {https://github.com/UCLA-StarAI/Density-Estimation-Datasets}
}

@misc{dataset_1,
  author = "Daniel Lowd, Jesse Davis",
  title = {{Learning Markov Network Structure with Decision Trees}},
  year = {2020},
  month = {May},
  note = {[Online; accessed 27. May 2020]},
  howpublished="\url{https://citeseerx.ist.psu.edu/viewdoc/summary?doi=10.1.1.188.7026}"
}

@misc{dataset_2,
  author = "Jan Van Haaren, Jesse Davis",
  title = {{Markov network structure learning: A randomized feature generation approach}},
  year = {2020},
  month = {May},
  note = {[Online; accessed 27. May 2020]},
  howpublished = "\url{https://citeseerx.ist.psu.edu/viewdoc/summary?doi=10.1.1.704.5655}"
}

@article{dataset_3,
  author = {Bekker, Jessa and Davis, Jesse and Choi, Arthur and Darwiche, Adnan and Broeck, Guy},
  title = {{Tractable Learning for Complex Probability Queries}},
  journal = {Advances in neural information processing systems},
  volume = {28},
  year = {2015},
  month = {Dec},
  howpublished = "\url{https://www.researchgate.net/publication/324057360_Tractable_Learning_for_Complex_Probability_Queries}"
}

@article{dataset_4,
  author = {Uria, Benigno and C{\ifmmode\hat{o}\else\^{o}\fi}t{\ifmmode\acute{e}\else\'{e}\fi}, Marc-Alexandre and Gregor, Karol and Murray, Iain and Larochelle, Hugo},
  title = {{Neural Autoregressive Distribution Estimation}},
  journal = {arXiv},
  year = {2016},
  month = {May},
  eprint = {1605.02226},
  howpublished = "\url{https://arxiv.org/abs/1605.02226v3}"
}


@misc{awesome_spn,
  author = {arranger1044},
  title = {{awesome-spn}},
  journal = {GitHub},
  year = {2019},
  month = {Jun},
  note = {[Online; accessed 28. May 2020]},
  howpublished = "\url{https://github.com/arranger1044/awesome-spn}"
}

@inproceedings{spn_fpga_posit,
  author = {Sommer, Lukas and Weber, Lukas and Kumm, Martin and Koch, Andreas},
  booktitle = {2020 IEEE 28th Annual International Symposium on Field-Programmable Custom Computing Machines (FCCM)},
  title = {Comparison of Arithmetic Number Formats for Inference in Sum-Product Networks on FPGAs},
  year = {2020},
  pages = {1-10}
}

@INPROCEEDINGS{spn_classification,
  author={B. M. {Sguerra} and F. G. {Cozman}},
  booktitle={2016 5th Brazilian Conference on Intelligent Systems (BRACIS)},
  title={Image Classification Using Sum-Product Networks for Autonomous Flight of Micro Aerial Vehicles},
  year={2016},
  volume={},
  number={},
  pages={139-144}
}

@misc{posit_arithmetic,
  author={John L. Gustafson},
  year={2017},
  title={Posit Arithmetic},
  howpublished = "\url{https://www.posithub.org/docs/Posits4.pdf}"
}

@article{other_fpga_2,
  author = {Podobas, Artur and Matsuoka, Satoshi},
  title = {{Hardware Implementation of POSITs and Their Application in FPGAs}},
  journal = {ResearchGate},
  pages = {138--145},
  year = {2018},
  month = {May},
  doi = {10.1109/IPDPSW.2018.00029}
}

@article{psdd_0,
  author = {Kisa et. al.},
  title = {Probabilistic Sequential Decision Diagrams: Learning with Massive Logical Constraints},
  year = {2014},
  howpublished = "\url{http://web.cs.ucla.edu/~guyvdb/papers/KisaLTPM14.pdf}"
}

@article{psdd_1,
  author = {Yitao Liang, Jessa Bekker, Guy Van den Broeck},
  title = {Learnig the Structure of Probabilistic Sequential Decision Diagram},
  howpublished = "\url{https://web.cs.ucla.edu/~yliang/papers/uai2017.pdf}"
